<?xml version="1.0" encoding="UTF-8"?>
  <record xmlns="http://www.loc.gov/MARC21/slim" type="Authority">
    <leader>00000nz  a2200000nc 4500</leader>
    <controlfield tag="001">119164051</controlfield>
    <controlfield tag="003">DE-101</controlfield>
    <controlfield tag="005">20200406053914.0</controlfield>
    <controlfield tag="008">940722n||azznnaabn           | aaa    |c</controlfield>
    <datafield tag="024" ind1="7" ind2=" ">
      <subfield code="a">119164051</subfield>
      <subfield code="0">http://d-nb.info/gnd/119164051</subfield>
      <subfield code="2">gnd</subfield>
    </datafield>
    <datafield tag="035" ind1=" " ind2=" ">
      <subfield code="a">(DE-101)119164051</subfield>
    </datafield>
    <datafield tag="035" ind1=" " ind2=" ">
      <subfield code="a">(DE-588)119164051</subfield>
    </datafield>
    <datafield tag="035" ind1=" " ind2=" ">
      <subfield code="z">(DE-588)123338077</subfield>
    </datafield>
    <datafield tag="035" ind1=" " ind2=" ">
      <subfield code="z">(DE-588a)123338077</subfield>
      <subfield code="9">v:zg</subfield>
    </datafield>
    <datafield tag="035" ind1=" " ind2=" ">
      <subfield code="z">(DE-588a)119164051</subfield>
      <subfield code="9">v:zg</subfield>
    </datafield>
    <datafield tag="035" ind1=" " ind2=" ">
      <subfield code="z">(DE-588c)4345939-0</subfield>
      <subfield code="9">v:zg</subfield>
    </datafield>
    <datafield tag="040" ind1=" " ind2=" ">
      <subfield code="a">DE-12</subfield>
      <subfield code="c">DE-12</subfield>
      <subfield code="9">r:DE-12</subfield>
      <subfield code="b">ger</subfield>
      <subfield code="d">9999</subfield>
    </datafield>
    <datafield tag="042" ind1=" " ind2=" ">
      <subfield code="a">gnd1</subfield>
    </datafield>
    <datafield tag="043" ind1=" " ind2=" ">
      <subfield code="c">XA-DE</subfield>
      <subfield code="c">XA-PL</subfield>
    </datafield>
    <datafield tag="065" ind1=" " ind2=" ">
      <subfield code="a">16.5p</subfield>
      <subfield code="2">sswd</subfield>
    </datafield>
    <datafield tag="075" ind1=" " ind2=" ">
      <subfield code="b">p</subfield>
      <subfield code="2">gndgen</subfield>
    </datafield>
    <datafield tag="075" ind1=" " ind2=" ">
      <subfield code="b">piz</subfield>
      <subfield code="2">gndspec</subfield>
    </datafield>
    <datafield tag="079" ind1=" " ind2=" ">
      <subfield code="a">g</subfield>
      <subfield code="q">s</subfield>
      <subfield code="q">a</subfield>
      <subfield code="q">f</subfield>
      <subfield code="u">w</subfield>
    </datafield>
    <datafield tag="100" ind1="0" ind2=" ">
      <subfield code="a">Theresia Kunigunde</subfield>
      <subfield code="c">Bayern, Kurfürstin</subfield>
      <subfield code="d">1676-1730</subfield>
    </datafield>
    <datafield tag="375" ind1=" " ind2=" ">
      <subfield code="a">2</subfield>
      <subfield code="2">iso5218</subfield>
    </datafield>
    <datafield tag="400" ind1="1" ind2=" ">
      <subfield code="a">Sobieska, Therese Kunigunde</subfield>
      <subfield code="d">1676-1730</subfield>
    </datafield>
    <datafield tag="400" ind1="1" ind2=" ">
      <subfield code="a">Sobieska, Teresa Kunegunda</subfield>
      <subfield code="d">1676-1730</subfield>
    </datafield>
    <datafield tag="400" ind1="0" ind2=" ">
      <subfield code="a">Theresia Kunigunde</subfield>
      <subfield code="c">Polen, Prinzessin</subfield>
      <subfield code="d">1676-1730</subfield>
    </datafield>
    <datafield tag="400" ind1="0" ind2=" ">
      <subfield code="a">Teresia Cunegunde</subfield>
      <subfield code="c">Bayern, Kurfürstin</subfield>
      <subfield code="d">1676-1730</subfield>
    </datafield>
    <datafield tag="400" ind1="0" ind2=" ">
      <subfield code="a">Therese Kunigunde</subfield>
      <subfield code="c">Bayern, Kurfürstin</subfield>
      <subfield code="d">1676-1730</subfield>
    </datafield>
    <datafield tag="400" ind1="0" ind2=" ">
      <subfield code="a">Louisa Maria Casimira</subfield>
      <subfield code="c">Bayern, Kurfürstin</subfield>
      <subfield code="d">1676-1730</subfield>
    </datafield>
    <datafield tag="400" ind1="0" ind2=" ">
      <subfield code="a">Louysa Maria Casimira</subfield>
      <subfield code="c">Bayern, Kurfürstin</subfield>
      <subfield code="d">1676-1730</subfield>
    </datafield>
    <datafield tag="500" ind1="0" ind2=" ">
      <subfield code="0">(DE-101)11857941X</subfield>
      <subfield code="0">(DE-588)11857941X</subfield>
      <subfield code="0">https://d-nb.info/gnd/11857941X</subfield>
      <subfield code="a">Maximilian Emanuel</subfield>
      <subfield code="b">II.</subfield>
      <subfield code="c">Bayern, Kurfürst</subfield>
      <subfield code="d">1662-1726</subfield>
      <subfield code="4">bezf</subfield>
      <subfield code="4">https://d-nb.info/standards/elementset/gnd#familialRelationship</subfield>
      <subfield code="w">r</subfield>
      <subfield code="i">Beziehung familiaer</subfield>
      <subfield code="e">Beziehung familiaer</subfield>
      <subfield code="9">v:Ehemann</subfield>
    </datafield>
    <datafield tag="500" ind1="0" ind2=" ">
      <subfield code="0">(DE-101)118560115</subfield>
      <subfield code="0">(DE-588)118560115</subfield>
      <subfield code="0">https://d-nb.info/gnd/118560115</subfield>
      <subfield code="a">Karl</subfield>
      <subfield code="b">VII.</subfield>
      <subfield code="c">Heiliges Römisches Reich, Kaiser</subfield>
      <subfield code="d">1697-1745</subfield>
      <subfield code="4">bezf</subfield>
      <subfield code="4">https://d-nb.info/standards/elementset/gnd#familialRelationship</subfield>
      <subfield code="w">r</subfield>
      <subfield code="i">Beziehung familiaer</subfield>
      <subfield code="e">Beziehung familiaer</subfield>
      <subfield code="9">v:Sohn</subfield>
    </datafield>
    <datafield tag="548" ind1=" " ind2=" ">
      <subfield code="a">1676-1730</subfield>
      <subfield code="4">datl</subfield>
      <subfield code="4">https://d-nb.info/standards/elementset/gnd#dateOfBirthAndDeath</subfield>
      <subfield code="w">r</subfield>
      <subfield code="i">Lebensdaten</subfield>
    </datafield>
    <datafield tag="667" ind1=" " ind2=" ">
      <subfield code="a">VD-17</subfield>
    </datafield>
    <datafield tag="667" ind1=" " ind2=" ">
      <subfield code="a">wird in einem Sammelband aus dem 17. Jahrhundert, in dem Vertreter der Kurfürstl. Brandenburg. Friedrichs-Univ. Halle dem bayer. Thronfolger zur Hochzeit gratulieren, fälschlich als Louisa Maria Casimira bzw. Louysa Maria Casimira bezeichnet; dabei handelt es sich aber vielmehr um den Namen der Brautmutter Maria Kazimiera &lt;Polska, Królowa&gt;; Tochter von Jan &lt;Polska, Król, III.&gt; und Maria Kazimiera &lt;Polska, Królowa&gt;</subfield>
    </datafield>
    <datafield tag="667" ind1=" " ind2=" ">
      <subfield code="a">27</subfield>
    </datafield>
    <datafield tag="670" ind1=" " ind2=" ">
      <subfield code="a">M/Reg.; Europ. Stammtaf,NF,1,1 Taf. 107</subfield>
    </datafield>
    <datafield tag="678" ind1=" " ind2=" ">
      <subfield code="b">seit 1695 zweite Gemahlin von Kurfürst Maximilian Emanuel II. von Bayern</subfield>
    </datafield>
    <datafield tag="913" ind1=" " ind2=" ">
      <subfield code="S">pnd</subfield>
      <subfield code="i">5</subfield>
      <subfield code="a">Theresia Kunigunde &lt;Bayern, Kurfürstin&gt;</subfield>
      <subfield code="0">(DE-588a)119164051</subfield>
    </datafield>
    <datafield tag="913" ind1=" " ind2=" ">
      <subfield code="S">pnd</subfield>
      <subfield code="i">5</subfield>
      <subfield code="a">Luisa Maria Casimira &lt;Bayern, Kurfürstin&gt;</subfield>
      <subfield code="0">(DE-588a)123338077</subfield>
    </datafield>
  </record>
